,PMT NO,PAYMENT DATE,BEGINNING BALANCE,SCHEDULED PAYMENT,EXTRA PAYMENT,TOTAL PAYMENT,PRINCIPAL,INTEREST,ENDING BALANCE,MORTGAGE INSURANCE,PMI,TAX PAYMENT,TOTAL PAYMENT W ESCROW
0,1,2022-02-01,160000.0,718.47,0,718.47,251.8,466.67,159748.2,200.0,0,116.67,1035.14
1,2,2022-03-01,159748.2,718.47,0,718.47,252.54,465.93,159495.66,200.0,0,116.67,1035.14
2,3,2022-04-01,159495.66,718.47,0,718.47,253.28,465.2,159242.38,200.0,0,116.67,1035.14
3,4,2022-05-01,159242.38,718.47,0,718.47,254.01,464.46,158988.37,200.0,0,116.67,1035.14
4,5,2022-06-01,158988.37,718.47,0,718.47,254.76,463.72,158733.61,200.0,0,116.67,1035.14
5,6,2022-07-01,158733.61,718.47,0,718.47,255.5,462.97,158478.11,200.0,0,116.67,1035.14
6,7,2022-08-01,158478.11,718.47,0,718.47,256.24,462.23,158221.87,200.0,0,116.67,1035.14
7,8,2022-09-01,158221.87,718.47,0,718.47,256.99,461.48,157964.88,200.0,0,116.67,1035.14
8,9,2022-10-01,157964.88,718.47,0,718.47,257.74,460.73,157707.14,200.0,0,116.67,1035.14
9,10,2022-11-01,157707.14,718.47,0,718.47,258.49,459.98,157448.64,200.0,0,116.67,1035.14
10,11,2022-12-01,157448.64,718.47,0,718.47,259.25,459.23,157189.4,200.0,0,116.67,1035.14
11,12,2023-01-01,157189.4,718.47,0,718.47,260.0,458.47,156929.4,200.0,0,116.67,1035.14
12,13,2023-02-01,156929.4,718.47,0,718.47,260.76,457.71,156668.63,200.0,0,116.67,1035.14
13,14,2023-03-01,156668.63,718.47,0,718.47,261.52,456.95,156407.11,200.0,0,116.67,1035.14
14,15,2023-04-01,156407.11,718.47,0,718.47,262.28,456.19,156144.83,200.0,0,116.67,1035.14
15,16,2023-05-01,156144.83,718.47,0,718.47,263.05,455.42,155881.78,200.0,0,116.67,1035.14
16,17,2023-06-01,155881.78,718.47,0,718.47,263.82,454.66,155617.96,200.0,0,116.67,1035.14
17,18,2023-07-01,155617.96,718.47,0,718.47,264.59,453.89,155353.38,200.0,0,116.67,1035.14
18,19,2023-08-01,155353.38,718.47,0,718.47,265.36,453.11,155088.02,200.0,0,116.67,1035.14
19,20,2023-09-01,155088.02,718.47,0,718.47,266.13,452.34,154821.89,200.0,0,116.67,1035.14
20,21,2023-10-01,154821.89,718.47,0,718.47,266.91,451.56,154554.98,200.0,0,116.67,1035.14
21,22,2023-11-01,154554.98,718.47,0,718.47,267.69,450.79,154287.3,200.0,0,116.67,1035.14
22,23,2023-12-01,154287.3,718.47,0,718.47,268.47,450.0,154018.83,200.0,0,116.67,1035.14
23,24,2024-01-01,154018.83,718.47,0,718.47,269.25,449.22,153749.58,200.0,0,116.67,1035.14
24,25,2024-02-01,153749.58,718.47,0,718.47,270.04,448.44,153479.54,200.0,0,116.67,1035.14
25,26,2024-03-01,153479.54,718.47,0,718.47,270.82,447.65,153208.72,200.0,0,116.67,1035.14
26,27,2024-04-01,153208.72,718.47,0,718.47,271.61,446.86,152937.11,200.0,0,116.67,1035.14
27,28,2024-05-01,152937.11,718.47,0,718.47,272.4,446.07,152664.7,200.0,0,116.67,1035.14
28,29,2024-06-01,152664.7,718.47,0,718.47,273.2,445.27,152391.5,200.0,0,116.67,1035.14
29,30,2024-07-01,152391.5,718.47,0,718.47,274.0,444.48,152117.51,200.0,0,116.67,1035.14
30,31,2024-08-01,152117.51,718.47,0,718.47,274.8,443.68,151842.71,200.0,0,116.67,1035.14
31,32,2024-09-01,151842.71,718.47,0,718.47,275.6,442.87,151567.11,200.0,0,116.67,1035.14
32,33,2024-10-01,151567.11,718.47,0,718.47,276.4,442.07,151290.71,200.0,0,116.67,1035.14
33,34,2024-11-01,151290.71,718.47,0,718.47,277.21,441.26,151013.51,200.0,0,116.67,1035.14
34,35,2024-12-01,151013.51,718.47,0,718.47,278.02,440.46,150735.49,200.0,0,116.67,1035.14
35,36,2025-01-01,150735.49,718.47,0,718.47,278.83,439.65,150456.67,200.0,0,116.67,1035.14
36,37,2025-02-01,150456.67,718.47,0,718.47,279.64,438.83,150177.03,200.0,0,116.67,1035.14
37,38,2025-03-01,150177.03,718.47,0,718.47,280.46,438.02,149896.57,200.0,0,116.67,1035.14
38,39,2025-04-01,149896.57,718.47,0,718.47,281.27,437.2,149615.3,200.0,0,116.67,1035.14
39,40,2025-05-01,149615.3,718.47,0,718.47,282.09,436.38,149333.2,200.0,0,116.67,1035.14
40,41,2025-06-01,149333.2,718.47,0,718.47,282.92,435.56,149050.29,200.0,0,116.67,1035.14
41,42,2025-07-01,149050.29,718.47,0,718.47,283.74,434.73,148766.55,200.0,0,116.67,1035.14
42,43,2025-08-01,148766.55,718.47,0,718.47,284.57,433.9,148481.98,200.0,0,116.67,1035.14
43,44,2025-09-01,148481.98,718.47,0,718.47,285.4,433.07,148196.58,200.0,0,116.67,1035.14
44,45,2025-10-01,148196.58,718.47,0,718.47,286.23,432.24,147910.35,200.0,0,116.67,1035.14
45,46,2025-11-01,147910.35,718.47,0,718.47,287.07,431.41,147623.28,200.0,0,116.67,1035.14
46,47,2025-12-01,147623.28,718.47,0,718.47,287.9,430.57,147335.38,200.0,0,116.67,1035.14
47,48,2026-01-01,147335.38,718.47,0,718.47,288.74,429.73,147046.63,200.0,0,116.67,1035.14
48,49,2026-02-01,147046.63,718.47,0,718.47,289.59,428.89,146757.05,200.0,0,116.67,1035.14
49,50,2026-03-01,146757.05,718.47,0,718.47,290.43,428.04,146466.62,200.0,0,116.67,1035.14
50,51,2026-04-01,146466.62,718.47,0,718.47,291.28,427.19,146175.34,200.0,0,116.67,1035.14
51,52,2026-05-01,146175.34,718.47,0,718.47,292.13,426.34,145883.21,200.0,0,116.67,1035.14
52,53,2026-06-01,145883.21,718.47,0,718.47,292.98,425.49,145590.23,200.0,0,116.67,1035.14
53,54,2026-07-01,145590.23,718.47,0,718.47,293.83,424.64,145296.4,200.0,0,116.67,1035.14
54,55,2026-08-01,145296.4,718.47,0,718.47,294.69,423.78,145001.71,200.0,0,116.67,1035.14
55,56,2026-09-01,145001.71,718.47,0,718.47,295.55,422.92,144706.16,200.0,0,116.67,1035.14
56,57,2026-10-01,144706.16,718.47,0,718.47,296.41,422.06,144409.75,200.0,0,116.67,1035.14
57,58,2026-11-01,144409.75,718.47,0,718.47,297.28,421.2,144112.47,200.0,0,116.67,1035.14
58,59,2026-12-01,144112.47,718.47,0,718.47,298.14,420.33,143814.33,200.0,0,116.67,1035.14
59,60,2027-01-01,143814.33,718.47,0,718.47,299.01,419.46,143515.32,200.0,0,116.67,1035.14
60,61,2027-02-01,143515.32,718.47,0,718.47,299.89,418.59,143215.43,200.0,0,116.67,1035.14
61,62,2027-03-01,143215.43,718.47,0,718.47,300.76,417.71,142914.67,200.0,0,116.67,1035.14
62,63,2027-04-01,142914.67,718.47,0,718.47,301.64,416.83,142613.03,200.0,0,116.67,1035.14
63,64,2027-05-01,142613.03,718.47,0,718.47,302.52,415.95,142310.52,200.0,0,116.67,1035.14
64,65,2027-06-01,142310.52,718.47,0,718.47,303.4,415.07,142007.12,200.0,0,116.67,1035.14
65,66,2027-07-01,142007.12,718.47,0,718.47,304.28,414.19,141702.83,200.0,0,116.67,1035.14
66,67,2027-08-01,141702.83,718.47,0,718.47,305.17,413.3,141397.66,200.0,0,116.67,1035.14
67,68,2027-09-01,141397.66,718.47,0,718.47,306.06,412.41,141091.6,200.0,0,116.67,1035.14
68,69,2027-10-01,141091.6,718.47,0,718.47,306.95,411.52,140784.65,200.0,0,116.67,1035.14
69,70,2027-11-01,140784.65,718.47,0,718.47,307.85,410.62,140476.8,200.0,0,116.67,1035.14
70,71,2027-12-01,140476.8,718.47,0,718.47,308.75,409.72,140168.05,200.0,0,116.67,1035.14
71,72,2028-01-01,140168.05,718.47,0,718.47,309.65,408.82,139858.4,200.0,0,116.67,1035.14
72,73,2028-02-01,139858.4,718.47,0,718.47,310.55,407.92,139547.85,200.0,0,116.67,1035.14
73,74,2028-03-01,139547.85,718.47,0,718.47,311.46,407.01,139236.39,200.0,0,116.67,1035.14
74,75,2028-04-01,139236.39,718.47,0,718.47,312.37,406.11,138924.03,200.0,0,116.67,1035.14
75,76,2028-05-01,138924.03,718.47,0,718.47,313.28,405.2,138610.75,200.0,0,116.67,1035.14
76,77,2028-06-01,138610.75,718.47,0,718.47,314.19,404.28,138296.56,200.0,0,116.67,1035.14
77,78,2028-07-01,138296.56,718.47,0,718.47,315.11,403.36,137981.46,200.0,0,116.67,1035.14
78,79,2028-08-01,137981.46,718.47,0,718.47,316.03,402.45,137665.43,200.0,0,116.67,1035.14
79,80,2028-09-01,137665.43,718.47,0,718.47,316.95,401.52,137348.48,200.0,0,116.67,1035.14
80,81,2028-10-01,137348.48,718.47,0,718.47,317.87,400.6,137030.61,200.0,0,116.67,1035.14
81,82,2028-11-01,137030.61,718.47,0,718.47,318.8,399.67,136711.81,200.0,0,116.67,1035.14
82,83,2028-12-01,136711.81,718.47,0,718.47,319.73,398.74,136392.08,200.0,0,116.67,1035.14
83,84,2029-01-01,136392.08,718.47,0,718.47,320.66,397.81,136071.42,200.0,0,116.67,1035.14
84,85,2029-02-01,136071.42,718.47,0,718.47,321.6,396.87,135749.82,200.0,0,116.67,1035.14
85,86,2029-03-01,135749.82,718.47,0,718.47,322.53,395.94,135427.29,200.0,0,116.67,1035.14
86,87,2029-04-01,135427.29,718.47,0,718.47,323.48,395.0,135103.82,200.0,0,116.67,1035.14
87,88,2029-05-01,135103.82,718.47,0,718.47,324.42,394.05,134779.4,200.0,0,116.67,1035.14
88,89,2029-06-01,134779.4,718.47,0,718.47,325.36,393.11,134454.03,200.0,0,116.67,1035.14
89,90,2029-07-01,134454.03,718.47,0,718.47,326.31,392.16,134127.72,200.0,0,116.67,1035.14
90,91,2029-08-01,134127.72,718.47,0,718.47,327.27,391.21,133800.45,200.0,0,116.67,1035.14
91,92,2029-09-01,133800.45,718.47,0,718.47,328.22,390.25,133472.23,200.0,0,116.67,1035.14
92,93,2029-10-01,133472.23,718.47,0,718.47,329.18,389.29,133143.05,200.0,0,116.67,1035.14
93,94,2029-11-01,133143.05,718.47,0,718.47,330.14,388.33,132812.92,200.0,0,116.67,1035.14
94,95,2029-12-01,132812.92,718.47,0,718.47,331.1,387.37,132481.82,200.0,0,116.67,1035.14
95,96,2030-01-01,132481.82,718.47,0,718.47,332.07,386.41,132149.75,200.0,0,116.67,1035.14
96,97,2030-02-01,132149.75,718.47,0,718.47,333.03,385.44,131816.72,200.0,0,116.67,1035.14
97,98,2030-03-01,131816.72,718.47,0,718.47,334.01,384.47,131482.71,200.0,0,116.67,1035.14
98,99,2030-04-01,131482.71,718.47,0,718.47,334.98,383.49,131147.73,200.0,0,116.67,1035.14
99,100,2030-05-01,131147.73,718.47,0,718.47,335.96,382.51,130811.77,200.0,0,116.67,1035.14
100,101,2030-06-01,130811.77,718.47,0,718.47,336.94,381.53,130474.83,200.0,0,116.67,1035.14
101,102,2030-07-01,130474.83,718.47,0,718.47,337.92,380.55,130136.91,200.0,0,116.67,1035.14
102,103,2030-08-01,130136.91,718.47,0,718.47,338.91,379.57,129798.01,200.0,0,116.67,1035.14
103,104,2030-09-01,129798.01,718.47,0,718.47,339.89,378.58,129458.12,200.0,0,116.67,1035.14
104,105,2030-10-01,129458.12,718.47,0,718.47,340.89,377.59,129117.23,200.0,0,116.67,1035.14
105,106,2030-11-01,129117.23,718.47,0,718.47,341.88,376.59,128775.35,200.0,0,116.67,1035.14
106,107,2030-12-01,128775.35,718.47,0,718.47,342.88,375.59,128432.47,200.0,0,116.67,1035.14
107,108,2031-01-01,128432.47,718.47,0,718.47,343.88,374.59,128088.6,200.0,0,116.67,1035.14
108,109,2031-02-01,128088.6,718.47,0,718.47,344.88,373.59,127743.72,200.0,0,116.67,1035.14
109,110,2031-03-01,127743.72,718.47,0,718.47,345.89,372.59,127397.83,200.0,0,116.67,1035.14
110,111,2031-04-01,127397.83,718.47,0,718.47,346.89,371.58,127050.94,200.0,0,116.67,1035.14
111,112,2031-05-01,127050.94,718.47,0,718.47,347.91,370.57,126703.03,200.0,0,116.67,1035.14
112,113,2031-06-01,126703.03,718.47,0,718.47,348.92,369.55,126354.11,200.0,0,116.67,1035.14
113,114,2031-07-01,126354.11,718.47,0,718.47,349.94,368.53,126004.17,200.0,0,116.67,1035.14
114,115,2031-08-01,126004.17,718.47,0,718.47,350.96,367.51,125653.21,200.0,0,116.67,1035.14
115,116,2031-09-01,125653.21,718.47,0,718.47,351.98,366.49,125301.23,200.0,0,116.67,1035.14
116,117,2031-10-01,125301.23,718.47,0,718.47,353.01,365.46,124948.22,200.0,0,116.67,1035.14
117,118,2031-11-01,124948.22,718.47,0,718.47,354.04,364.43,124594.18,200.0,0,116.67,1035.14
118,119,2031-12-01,124594.18,718.47,0,718.47,355.07,363.4,124239.11,200.0,0,116.67,1035.14
119,120,2032-01-01,124239.11,718.47,0,718.47,356.11,362.36,123883.0,200.0,0,116.67,1035.14
120,121,2032-02-01,123883.0,718.47,0,718.47,357.15,361.33,123525.85,200.0,0,116.67,1035.14
121,122,2032-03-01,123525.85,718.47,0,718.47,358.19,360.28,123167.67,200.0,0,116.67,1035.14
122,123,2032-04-01,123167.67,718.47,0,718.47,359.23,359.24,122808.43,200.0,0,116.67,1035.14
123,124,2032-05-01,122808.43,718.47,0,718.47,360.28,358.19,122448.15,200.0,0,116.67,1035.14
124,125,2032-06-01,122448.15,718.47,0,718.47,361.33,357.14,122086.82,200.0,0,116.67,1035.14
125,126,2032-07-01,122086.82,718.47,0,718.47,362.38,356.09,121724.44,200.0,0,116.67,1035.14
126,127,2032-08-01,121724.44,718.47,0,718.47,363.44,355.03,121361.0,200.0,0,116.67,1035.14
127,128,2032-09-01,121361.0,718.47,0,718.47,364.5,353.97,120996.49,200.0,0,116.67,1035.14
128,129,2032-10-01,120996.49,718.47,0,718.47,365.57,352.91,120630.93,200.0,0,116.67,1035.14
129,130,2032-11-01,120630.93,718.47,0,718.47,366.63,351.84,120264.3,200.0,0,116.67,1035.14
130,131,2032-12-01,120264.3,718.47,0,718.47,367.7,350.77,119896.6,200.0,0,116.67,1035.14
131,132,2033-01-01,119896.6,718.47,0,718.47,368.77,349.7,119527.82,200.0,0,116.67,1035.14
132,133,2033-02-01,119527.82,718.47,0,718.47,369.85,348.62,119157.98,200.0,0,116.67,1035.14
133,134,2033-03-01,119157.98,718.47,0,718.47,370.93,347.54,118787.05,200.0,0,116.67,1035.14
134,135,2033-04-01,118787.05,718.47,0,718.47,372.01,346.46,118415.04,200.0,0,116.67,1035.14
135,136,2033-05-01,118415.04,718.47,0,718.47,373.09,345.38,118041.94,200.0,0,116.67,1035.14
136,137,2033-06-01,118041.94,718.47,0,718.47,374.18,344.29,117667.76,200.0,0,116.67,1035.14
137,138,2033-07-01,117667.76,718.47,0,718.47,375.27,343.2,117292.49,200.0,0,116.67,1035.14
138,139,2033-08-01,117292.49,718.47,0,718.47,376.37,342.1,116916.12,200.0,0,116.67,1035.14
139,140,2033-09-01,116916.12,718.47,0,718.47,377.47,341.01,116538.65,200.0,0,116.67,1035.14
140,141,2033-10-01,116538.65,718.47,0,718.47,378.57,339.9,116160.09,200.0,0,116.67,1035.14
141,142,2033-11-01,116160.09,718.47,0,718.47,379.67,338.8,115780.42,200.0,0,116.67,1035.14
142,143,2033-12-01,115780.42,718.47,0,718.47,380.78,337.69,115399.64,200.0,0,116.67,1035.14
143,144,2034-01-01,115399.64,718.47,0,718.47,381.89,336.58,115017.75,200.0,0,116.67,1035.14
144,145,2034-02-01,115017.75,718.47,0,718.47,383.0,335.47,114634.74,200.0,0,116.67,1035.14
145,146,2034-03-01,114634.74,718.47,0,718.47,384.12,334.35,114250.62,200.0,0,116.67,1035.14
146,147,2034-04-01,114250.62,718.47,0,718.47,385.24,333.23,113865.38,200.0,0,116.67,1035.14
147,148,2034-05-01,113865.38,718.47,0,718.47,386.36,332.11,113479.02,200.0,0,116.67,1035.14
148,149,2034-06-01,113479.02,718.47,0,718.47,387.49,330.98,113091.53,200.0,0,116.67,1035.14
149,150,2034-07-01,113091.53,718.47,0,718.47,388.62,329.85,112702.91,200.0,0,116.67,1035.14
150,151,2034-08-01,112702.91,718.47,0,718.47,389.75,328.72,112313.15,200.0,0,116.67,1035.14
151,152,2034-09-01,112313.15,718.47,0,718.47,390.89,327.58,111922.26,200.0,0,116.67,1035.14
152,153,2034-10-01,111922.26,718.47,0,718.47,392.03,326.44,111530.23,200.0,0,116.67,1035.14
153,154,2034-11-01,111530.23,718.47,0,718.47,393.17,325.3,111137.05,200.0,0,116.67,1035.14
154,155,2034-12-01,111137.05,718.47,0,718.47,394.32,324.15,110742.73,200.0,0,116.67,1035.14
155,156,2035-01-01,110742.73,718.47,0,718.47,395.47,323.0,110347.26,200.0,0,116.67,1035.14
156,157,2035-02-01,110347.26,718.47,0,718.47,396.63,321.85,109950.64,200.0,0,116.67,1035.14
157,158,2035-03-01,109950.64,718.47,0,718.47,397.78,320.69,109552.85,200.0,0,116.67,1035.14
158,159,2035-04-01,109552.85,718.47,0,718.47,398.94,319.53,109153.91,200.0,0,116.67,1035.14
159,160,2035-05-01,109153.91,718.47,0,718.47,400.11,318.37,108753.81,200.0,0,116.67,1035.14
160,161,2035-06-01,108753.81,718.47,0,718.47,401.27,317.2,108352.53,200.0,0,116.67,1035.14
161,162,2035-07-01,108352.53,718.47,0,718.47,402.44,316.03,107950.09,200.0,0,116.67,1035.14
162,163,2035-08-01,107950.09,718.47,0,718.47,403.62,314.85,107546.47,200.0,0,116.67,1035.14
163,164,2035-09-01,107546.47,718.47,0,718.47,404.79,313.68,107141.68,200.0,0,116.67,1035.14
164,165,2035-10-01,107141.68,718.47,0,718.47,405.97,312.5,106735.7,200.0,0,116.67,1035.14
165,166,2035-11-01,106735.7,718.47,0,718.47,407.16,311.31,106328.54,200.0,0,116.67,1035.14
166,167,2035-12-01,106328.54,718.47,0,718.47,408.35,310.12,105920.2,200.0,0,116.67,1035.14
167,168,2036-01-01,105920.2,718.47,0,718.47,409.54,308.93,105510.66,200.0,0,116.67,1035.14
168,169,2036-02-01,105510.66,718.47,0,718.47,410.73,307.74,105099.93,200.0,0,116.67,1035.14
169,170,2036-03-01,105099.93,718.47,0,718.47,411.93,306.54,104688.0,200.0,0,116.67,1035.14
170,171,2036-04-01,104688.0,718.47,0,718.47,413.13,305.34,104274.87,200.0,0,116.67,1035.14
171,172,2036-05-01,104274.87,718.47,0,718.47,414.34,304.14,103860.53,200.0,0,116.67,1035.14
172,173,2036-06-01,103860.53,718.47,0,718.47,415.54,302.93,103444.98,200.0,0,116.67,1035.14
173,174,2036-07-01,103444.98,718.47,0,718.47,416.76,301.71,103028.23,200.0,0,116.67,1035.14
174,175,2036-08-01,103028.23,718.47,0,718.47,417.97,300.5,102610.25,200.0,0,116.67,1035.14
175,176,2036-09-01,102610.25,718.47,0,718.47,419.19,299.28,102191.06,200.0,0,116.67,1035.14
176,177,2036-10-01,102191.06,718.47,0,718.47,420.41,298.06,101770.65,200.0,0,116.67,1035.14
177,178,2036-11-01,101770.65,718.47,0,718.47,421.64,296.83,101349.01,200.0,0,116.67,1035.14
178,179,2036-12-01,101349.01,718.47,0,718.47,422.87,295.6,100926.14,200.0,0,116.67,1035.14
179,180,2037-01-01,100926.14,718.47,0,718.47,424.1,294.37,100502.03,200.0,0,116.67,1035.14
180,181,2037-02-01,100502.03,718.47,0,718.47,425.34,293.13,100076.69,200.0,0,116.67,1035.14
181,182,2037-03-01,100076.69,718.47,0,718.47,426.58,291.89,99650.11,200.0,0,116.67,1035.14
182,183,2037-04-01,99650.11,718.47,0,718.47,427.83,290.65,99222.29,200.0,0,116.67,1035.14
183,184,2037-05-01,99222.29,718.47,0,718.47,429.07,289.4,98793.21,200.0,0,116.67,1035.14
184,185,2037-06-01,98793.21,718.47,0,718.47,430.32,288.15,98362.89,200.0,0,116.67,1035.14
185,186,2037-07-01,98362.89,718.47,0,718.47,431.58,286.89,97931.31,200.0,0,116.67,1035.14
186,187,2037-08-01,97931.31,718.47,0,718.47,432.84,285.63,97498.47,200.0,0,116.67,1035.14
187,188,2037-09-01,97498.47,718.47,0,718.47,434.1,284.37,97064.37,200.0,0,116.67,1035.14
188,189,2037-10-01,97064.37,718.47,0,718.47,435.37,283.1,96629.0,200.0,0,116.67,1035.14
189,190,2037-11-01,96629.0,718.47,0,718.47,436.64,281.83,96192.37,200.0,0,116.67,1035.14
190,191,2037-12-01,96192.37,718.47,0,718.47,437.91,280.56,95754.46,200.0,0,116.67,1035.14
191,192,2038-01-01,95754.46,718.47,0,718.47,439.19,279.28,95315.27,200.0,0,116.67,1035.14
192,193,2038-02-01,95315.27,718.47,0,718.47,440.47,278.0,94874.8,200.0,0,116.67,1035.14
193,194,2038-03-01,94874.8,718.47,0,718.47,441.75,276.72,94433.05,200.0,0,116.67,1035.14
194,195,2038-04-01,94433.05,718.47,0,718.47,443.04,275.43,93990.0,200.0,0,116.67,1035.14
195,196,2038-05-01,93990.0,718.47,0,718.47,444.33,274.14,93545.67,200.0,0,116.67,1035.14
196,197,2038-06-01,93545.67,718.47,0,718.47,445.63,272.84,93100.04,200.0,0,116.67,1035.14
197,198,2038-07-01,93100.04,718.47,0,718.47,446.93,271.54,92653.11,200.0,0,116.67,1035.14
198,199,2038-08-01,92653.11,718.47,0,718.47,448.23,270.24,92204.88,200.0,0,116.67,1035.14
199,200,2038-09-01,92204.88,718.47,0,718.47,449.54,268.93,91755.34,200.0,0,116.67,1035.14
200,201,2038-10-01,91755.34,718.47,0,718.47,450.85,267.62,91304.49,200.0,0,116.67,1035.14
201,202,2038-11-01,91304.49,718.47,0,718.47,452.17,266.3,90852.32,200.0,0,116.67,1035.14
202,203,2038-12-01,90852.32,718.47,0,718.47,453.49,264.99,90398.83,200.0,0,116.67,1035.14
203,204,2039-01-01,90398.83,718.47,0,718.47,454.81,263.66,89944.03,200.0,0,116.67,1035.14
204,205,2039-02-01,89944.03,718.47,0,718.47,456.13,262.34,89487.89,200.0,0,116.67,1035.14
205,206,2039-03-01,89487.89,718.47,0,718.47,457.47,261.01,89030.43,200.0,0,116.67,1035.14
206,207,2039-04-01,89030.43,718.47,0,718.47,458.8,259.67,88571.63,200.0,0,116.67,1035.14
207,208,2039-05-01,88571.63,718.47,0,718.47,460.14,258.33,88111.49,200.0,0,116.67,1035.14
208,209,2039-06-01,88111.49,718.47,0,718.47,461.48,256.99,87650.01,200.0,0,116.67,1035.14
209,210,2039-07-01,87650.01,718.47,0,718.47,462.83,255.65,87187.18,200.0,0,116.67,1035.14
210,211,2039-08-01,87187.18,718.47,0,718.47,464.18,254.3,86723.01,200.0,0,116.67,1035.14
211,212,2039-09-01,86723.01,718.47,0,718.47,465.53,252.94,86257.48,200.0,0,116.67,1035.14
212,213,2039-10-01,86257.48,718.47,0,718.47,466.89,251.58,85790.59,200.0,0,116.67,1035.14
213,214,2039-11-01,85790.59,718.47,0,718.47,468.25,250.22,85322.34,200.0,0,116.67,1035.14
214,215,2039-12-01,85322.34,718.47,0,718.47,469.61,248.86,84852.73,200.0,0,116.67,1035.14
215,216,2040-01-01,84852.73,718.47,0,718.47,470.98,247.49,84381.74,200.0,0,116.67,1035.14
216,217,2040-02-01,84381.74,718.47,0,718.47,472.36,246.11,83909.38,200.0,0,116.67,1035.14
217,218,2040-03-01,83909.38,718.47,0,718.47,473.74,244.74,83435.65,200.0,0,116.67,1035.14
218,219,2040-04-01,83435.65,718.47,0,718.47,475.12,243.35,82960.53,200.0,0,116.67,1035.14
219,220,2040-05-01,82960.53,718.47,0,718.47,476.5,241.97,82484.03,200.0,0,116.67,1035.14
220,221,2040-06-01,82484.03,718.47,0,718.47,477.89,240.58,82006.13,200.0,0,116.67,1035.14
221,222,2040-07-01,82006.13,718.47,0,718.47,479.29,239.18,81526.85,200.0,0,116.67,1035.14
222,223,2040-08-01,81526.85,718.47,0,718.47,480.68,237.79,81046.16,200.0,0,116.67,1035.14
223,224,2040-09-01,81046.16,718.47,0,718.47,482.09,236.38,80564.08,200.0,0,116.67,1035.14
224,225,2040-10-01,80564.08,718.47,0,718.47,483.49,234.98,80080.58,200.0,0,116.67,1035.14
225,226,2040-11-01,80080.58,718.47,0,718.47,484.9,233.57,79595.68,200.0,0,116.67,1035.14
226,227,2040-12-01,79595.68,718.47,0,718.47,486.32,232.15,79109.36,200.0,0,116.67,1035.14
227,228,2041-01-01,79109.36,718.47,0,718.47,487.74,230.74,78621.63,200.0,0,116.67,1035.14
228,229,2041-02-01,78621.63,718.47,0,718.47,489.16,229.31,78132.47,200.0,0,116.67,1035.14
229,230,2041-03-01,78132.47,718.47,0,718.47,490.59,227.89,77641.88,200.0,0,116.67,1035.14
230,231,2041-04-01,77641.88,718.47,0,718.47,492.02,226.46,77149.87,200.0,0,116.67,1035.14
231,232,2041-05-01,77149.87,718.47,0,718.47,493.45,225.02,76656.42,200.0,0,116.67,1035.14
232,233,2041-06-01,76656.42,718.47,0,718.47,494.89,223.58,76161.53,200.0,0,116.67,1035.14
233,234,2041-07-01,76161.53,718.47,0,718.47,496.33,222.14,75665.19,200.0,0,116.67,1035.14
234,235,2041-08-01,75665.19,718.47,0,718.47,497.78,220.69,75167.41,200.0,0,116.67,1035.14
235,236,2041-09-01,75167.41,718.47,0,718.47,499.23,219.24,74668.18,200.0,0,116.67,1035.14
236,237,2041-10-01,74668.18,718.47,0,718.47,500.69,217.78,74167.49,200.0,0,116.67,1035.14
237,238,2041-11-01,74167.49,718.47,0,718.47,502.15,216.32,73665.34,200.0,0,116.67,1035.14
238,239,2041-12-01,73665.34,718.47,0,718.47,503.61,214.86,73161.72,200.0,0,116.67,1035.14
239,240,2042-01-01,73161.72,718.47,0,718.47,505.08,213.39,72656.64,200.0,0,116.67,1035.14
240,241,2042-02-01,72656.64,718.47,0,718.47,506.56,211.92,72150.09,200.0,0,116.67,1035.14
241,242,2042-03-01,72150.09,718.47,0,718.47,508.03,210.44,71642.05,200.0,0,116.67,1035.14
242,243,2042-04-01,71642.05,718.47,0,718.47,509.52,208.96,71132.54,200.0,0,116.67,1035.14
243,244,2042-05-01,71132.54,718.47,0,718.47,511.0,207.47,70621.53,200.0,0,116.67,1035.14
244,245,2042-06-01,70621.53,718.47,0,718.47,512.49,205.98,70109.04,200.0,0,116.67,1035.14
245,246,2042-07-01,70109.04,718.47,0,718.47,513.99,204.48,69595.06,200.0,0,116.67,1035.14
246,247,2042-08-01,69595.06,718.47,0,718.47,515.49,202.99,69079.57,200.0,0,116.67,1035.14
247,248,2042-09-01,69079.57,718.47,0,718.47,516.99,201.48,68562.58,200.0,0,116.67,1035.14
248,249,2042-10-01,68562.58,718.47,0,718.47,518.5,199.97,68044.08,200.0,0,116.67,1035.14
249,250,2042-11-01,68044.08,718.47,0,718.47,520.01,198.46,67524.07,200.0,0,116.67,1035.14
250,251,2042-12-01,67524.07,718.47,0,718.47,521.53,196.95,67002.55,200.0,0,116.67,1035.14
251,252,2043-01-01,67002.55,718.47,0,718.47,523.05,195.42,66479.5,200.0,0,116.67,1035.14
252,253,2043-02-01,66479.5,718.47,0,718.47,524.57,193.9,65954.93,200.0,0,116.67,1035.14
253,254,2043-03-01,65954.93,718.47,0,718.47,526.1,192.37,65428.82,200.0,0,116.67,1035.14
254,255,2043-04-01,65428.82,718.47,0,718.47,527.64,190.83,64901.19,200.0,0,116.67,1035.14
255,256,2043-05-01,64901.19,718.47,0,718.47,529.18,189.3,64372.01,200.0,0,116.67,1035.14
256,257,2043-06-01,64372.01,718.47,0,718.47,530.72,187.75,63841.29,200.0,0,116.67,1035.14
257,258,2043-07-01,63841.29,718.47,0,718.47,532.27,186.2,63309.02,200.0,0,116.67,1035.14
258,259,2043-08-01,63309.02,718.47,0,718.47,533.82,184.65,62775.2,200.0,0,116.67,1035.14
259,260,2043-09-01,62775.2,718.47,0,718.47,535.38,183.09,62239.82,200.0,0,116.67,1035.14
260,261,2043-10-01,62239.82,718.47,0,718.47,536.94,181.53,61702.89,200.0,0,116.67,1035.14
261,262,2043-11-01,61702.89,718.47,0,718.47,538.5,179.97,61164.38,200.0,0,116.67,1035.14
262,263,2043-12-01,61164.38,718.47,0,718.47,540.08,178.4,60624.31,200.0,0,116.67,1035.14
263,264,2044-01-01,60624.31,718.47,0,718.47,541.65,176.82,60082.66,200.0,0,116.67,1035.14
264,265,2044-02-01,60082.66,718.47,0,718.47,543.23,175.24,59539.42,200.0,0,116.67,1035.14
265,266,2044-03-01,59539.42,718.47,0,718.47,544.81,173.66,58994.61,200.0,0,116.67,1035.14
266,267,2044-04-01,58994.61,718.47,0,718.47,546.4,172.07,58448.21,200.0,0,116.67,1035.14
267,268,2044-05-01,58448.21,718.47,0,718.47,548.0,170.47,57900.21,200.0,0,116.67,1035.14
268,269,2044-06-01,57900.21,718.47,0,718.47,549.6,168.88,57350.61,200.0,0,116.67,1035.14
269,270,2044-07-01,57350.61,718.47,0,718.47,551.2,167.27,56799.41,200.0,0,116.67,1035.14
270,271,2044-08-01,56799.41,718.47,0,718.47,552.81,165.66,56246.61,200.0,0,116.67,1035.14
271,272,2044-09-01,56246.61,718.47,0,718.47,554.42,164.05,55692.19,200.0,0,116.67,1035.14
272,273,2044-10-01,55692.19,718.47,0,718.47,556.04,162.44,55136.15,200.0,0,116.67,1035.14
273,274,2044-11-01,55136.15,718.47,0,718.47,557.66,160.81,54578.49,200.0,0,116.67,1035.14
274,275,2044-12-01,54578.49,718.47,0,718.47,559.28,159.19,54019.21,200.0,0,116.67,1035.14
275,276,2045-01-01,54019.21,718.47,0,718.47,560.92,157.56,53458.3,200.0,0,116.67,1035.14
276,277,2045-02-01,53458.3,718.47,0,718.47,562.55,155.92,52895.74,200.0,0,116.67,1035.14
277,278,2045-03-01,52895.74,718.47,0,718.47,564.19,154.28,52331.55,200.0,0,116.67,1035.14
278,279,2045-04-01,52331.55,718.47,0,718.47,565.84,152.63,51765.71,200.0,0,116.67,1035.14
279,280,2045-05-01,51765.71,718.47,0,718.47,567.49,150.98,51198.23,200.0,0,116.67,1035.14
280,281,2045-06-01,51198.23,718.47,0,718.47,569.14,149.33,50629.08,200.0,0,116.67,1035.14
281,282,2045-07-01,50629.08,718.47,0,718.47,570.8,147.67,50058.28,200.0,0,116.67,1035.14
282,283,2045-08-01,50058.28,718.47,0,718.47,572.47,146.0,49485.81,200.0,0,116.67,1035.14
283,284,2045-09-01,49485.81,718.47,0,718.47,574.14,144.33,48911.67,200.0,0,116.67,1035.14
284,285,2045-10-01,48911.67,718.47,0,718.47,575.81,142.66,48335.86,200.0,0,116.67,1035.14
285,286,2045-11-01,48335.86,718.47,0,718.47,577.49,140.98,47758.37,200.0,0,116.67,1035.14
286,287,2045-12-01,47758.37,718.47,0,718.47,579.18,139.3,47179.19,200.0,0,116.67,1035.14
287,288,2046-01-01,47179.19,718.47,0,718.47,580.87,137.61,46598.33,200.0,0,116.67,1035.14
288,289,2046-02-01,46598.33,718.47,0,718.47,582.56,135.91,46015.77,200.0,0,116.67,1035.14
289,290,2046-03-01,46015.77,718.47,0,718.47,584.26,134.21,45431.51,200.0,0,116.67,1035.14
290,291,2046-04-01,45431.51,718.47,0,718.47,585.96,132.51,44845.54,200.0,0,116.67,1035.14
291,292,2046-05-01,44845.54,718.47,0,718.47,587.67,130.8,44257.87,200.0,0,116.67,1035.14
292,293,2046-06-01,44257.87,718.47,0,718.47,589.39,129.09,43668.49,200.0,0,116.67,1035.14
293,294,2046-07-01,43668.49,718.47,0,718.47,591.11,127.37,43077.38,200.0,0,116.67,1035.14
294,295,2046-08-01,43077.38,718.47,0,718.47,592.83,125.64,42484.55,200.0,0,116.67,1035.14
295,296,2046-09-01,42484.55,718.47,0,718.47,594.56,123.91,41889.99,200.0,0,116.67,1035.14
296,297,2046-10-01,41889.99,718.47,0,718.47,596.29,122.18,41293.7,200.0,0,116.67,1035.14
297,298,2046-11-01,41293.7,718.47,0,718.47,598.03,120.44,40695.67,200.0,0,116.67,1035.14
298,299,2046-12-01,40695.67,718.47,0,718.47,599.78,118.7,40095.89,200.0,0,116.67,1035.14
299,300,2047-01-01,40095.89,718.47,0,718.47,601.53,116.95,39494.37,200.0,0,116.67,1035.14
300,301,2047-02-01,39494.37,718.47,0,718.47,603.28,115.19,38891.09,200.0,0,116.67,1035.14
301,302,2047-03-01,38891.09,718.47,0,718.47,605.04,113.43,38286.05,200.0,0,116.67,1035.14
302,303,2047-04-01,38286.05,718.47,0,718.47,606.8,111.67,37679.25,200.0,0,116.67,1035.14
303,304,2047-05-01,37679.25,718.47,0,718.47,608.57,109.9,37070.67,200.0,0,116.67,1035.14
304,305,2047-06-01,37070.67,718.47,0,718.47,610.35,108.12,36460.32,200.0,0,116.67,1035.14
305,306,2047-07-01,36460.32,718.47,0,718.47,612.13,106.34,35848.2,200.0,0,116.67,1035.14
306,307,2047-08-01,35848.2,718.47,0,718.47,613.91,104.56,35234.28,200.0,0,116.67,1035.14
307,308,2047-09-01,35234.28,718.47,0,718.47,615.7,102.77,34618.58,200.0,0,116.67,1035.14
308,309,2047-10-01,34618.58,718.47,0,718.47,617.5,100.97,34001.08,200.0,0,116.67,1035.14
309,310,2047-11-01,34001.08,718.47,0,718.47,619.3,99.17,33381.77,200.0,0,116.67,1035.14
310,311,2047-12-01,33381.77,718.47,0,718.47,621.11,97.36,32760.67,200.0,0,116.67,1035.14
311,312,2048-01-01,32760.67,718.47,0,718.47,622.92,95.55,32137.75,200.0,0,116.67,1035.14
312,313,2048-02-01,32137.75,718.47,0,718.47,624.74,93.74,31513.01,200.0,0,116.67,1035.14
313,314,2048-03-01,31513.01,718.47,0,718.47,626.56,91.91,30886.45,200.0,0,116.67,1035.14
314,315,2048-04-01,30886.45,718.47,0,718.47,628.39,90.09,30258.07,200.0,0,116.67,1035.14
315,316,2048-05-01,30258.07,718.47,0,718.47,630.22,88.25,29627.85,200.0,0,116.67,1035.14
316,317,2048-06-01,29627.85,718.47,0,718.47,632.06,86.41,28995.79,200.0,0,116.67,1035.14
317,318,2048-07-01,28995.79,718.47,0,718.47,633.9,84.57,28361.89,200.0,0,116.67,1035.14
318,319,2048-08-01,28361.89,718.47,0,718.47,635.75,82.72,27726.14,200.0,0,116.67,1035.14
319,320,2048-09-01,27726.14,718.47,0,718.47,637.6,80.87,27088.54,200.0,0,116.67,1035.14
320,321,2048-10-01,27088.54,718.47,0,718.47,639.46,79.01,26449.07,200.0,0,116.67,1035.14
321,322,2048-11-01,26449.07,718.47,0,718.47,641.33,77.14,25807.75,200.0,0,116.67,1035.14
322,323,2048-12-01,25807.75,718.47,0,718.47,643.2,75.27,25164.55,200.0,0,116.67,1035.14
323,324,2049-01-01,25164.55,718.47,0,718.47,645.07,73.4,24519.47,200.0,0,116.67,1035.14
324,325,2049-02-01,24519.47,718.47,0,718.47,646.96,71.52,23872.51,200.0,0,116.67,1035.14
325,326,2049-03-01,23872.51,718.47,0,718.47,648.84,69.63,23223.67,200.0,0,116.67,1035.14
326,327,2049-04-01,23223.67,718.47,0,718.47,650.74,67.74,22572.94,200.0,0,116.67,1035.14
327,328,2049-05-01,22572.94,718.47,0,718.47,652.63,65.84,21920.3,200.0,0,116.67,1035.14
328,329,2049-06-01,21920.3,718.47,0,718.47,654.54,63.93,21265.76,200.0,0,116.67,1035.14
329,330,2049-07-01,21265.76,718.47,0,718.47,656.45,62.03,20609.32,200.0,0,116.67,1035.14
330,331,2049-08-01,20609.32,718.47,0,718.47,658.36,60.11,19950.96,200.0,0,116.67,1035.14
331,332,2049-09-01,19950.96,718.47,0,718.47,660.28,58.19,19290.68,200.0,0,116.67,1035.14
332,333,2049-10-01,19290.68,718.47,0,718.47,662.21,56.26,18628.47,200.0,0,116.67,1035.14
333,334,2049-11-01,18628.47,718.47,0,718.47,664.14,54.33,17964.33,200.0,0,116.67,1035.14
334,335,2049-12-01,17964.33,718.47,0,718.47,666.08,52.4,17298.26,200.0,0,116.67,1035.14
335,336,2050-01-01,17298.26,718.47,0,718.47,668.02,50.45,16630.24,200.0,0,116.67,1035.14
336,337,2050-02-01,16630.24,718.47,0,718.47,669.97,48.5,15960.27,200.0,0,116.67,1035.14
337,338,2050-03-01,15960.27,718.47,0,718.47,671.92,46.55,15288.35,200.0,0,116.67,1035.14
338,339,2050-04-01,15288.35,718.47,0,718.47,673.88,44.59,14614.47,200.0,0,116.67,1035.14
339,340,2050-05-01,14614.47,718.47,0,718.47,675.85,42.63,13938.62,200.0,0,116.67,1035.14
340,341,2050-06-01,13938.62,718.47,0,718.47,677.82,40.65,13260.81,200.0,0,116.67,1035.14
341,342,2050-07-01,13260.81,718.47,0,718.47,679.79,38.68,12581.01,200.0,0,116.67,1035.14
342,343,2050-08-01,12581.01,718.47,0,718.47,681.78,36.69,11899.23,200.0,0,116.67,1035.14
343,344,2050-09-01,11899.23,718.47,0,718.47,683.77,34.71,11215.47,200.0,0,116.67,1035.14
344,345,2050-10-01,11215.47,718.47,0,718.47,685.76,32.71,10529.71,200.0,0,116.67,1035.14
345,346,2050-11-01,10529.71,718.47,0,718.47,687.76,30.71,9841.95,200.0,0,116.67,1035.14
346,347,2050-12-01,9841.95,718.47,0,718.47,689.77,28.71,9152.18,200.0,0,116.67,1035.14
347,348,2051-01-01,9152.18,718.47,0,718.47,691.78,26.69,8460.41,200.0,0,116.67,1035.14
348,349,2051-02-01,8460.41,718.47,0,718.47,693.8,24.68,7766.61,200.0,0,116.67,1035.14
349,350,2051-03-01,7766.61,718.47,0,718.47,695.82,22.65,7070.79,200.0,0,116.67,1035.14
350,351,2051-04-01,7070.79,718.47,0,718.47,697.85,20.62,6372.94,200.0,0,116.67,1035.14
351,352,2051-05-01,6372.94,718.47,0,718.47,699.88,18.59,5673.06,200.0,0,116.67,1035.14
352,353,2051-06-01,5673.06,718.47,0,718.47,701.93,16.55,4971.14,200.0,0,116.67,1035.14
353,354,2051-07-01,4971.14,718.47,0,718.47,703.97,14.5,4267.16,200.0,0,116.67,1035.14
354,355,2051-08-01,4267.16,718.47,0,718.47,706.03,12.45,3561.14,200.0,0,116.67,1035.14
355,356,2051-09-01,3561.14,718.47,0,718.47,708.08,10.39,2853.05,200.0,0,116.67,1035.14
356,357,2051-10-01,2853.05,718.47,0,718.47,710.15,8.32,2142.9,200.0,0,116.67,1035.14
357,358,2051-11-01,2142.9,718.47,0,718.47,712.22,6.25,1430.68,200.0,0,116.67,1035.14
358,359,2051-12-01,1430.68,718.47,0,718.47,714.3,4.17,716.38,200.0,0,116.67,1035.14
359,360,2052-01-01,716.38,718.47,0,718.47,716.38,2.09,0.0,200.0,0,116.67,1035.14
