,PMT NO,PAYMENT DATE,BEGINNING BALANCE,SCHEDULED PAYMENT,EXTRA PAYMENT,TOTAL PAYMENT,PRINCIPAL,INTEREST,ENDING BALANCE,MORTGAGE INSURANCE,PMI,TAX PAYMENT,TOTAL PAYMENT W ESCROW
0,1,2022-02-01,180000.0,850.0,100.0,950.0,425.0,525.0,179575.0,8.33,75.0,8.33,1041.67
1,2,2022-03-01,179575.0,850.0,100.0,950.0,426.24,523.76,179148.76,8.33,75.0,8.33,1041.67
2,3,2022-04-01,179148.76,850.0,100.0,950.0,427.48,522.52,178721.28,8.33,75.0,8.33,1041.67
3,4,2022-05-01,178721.28,850.0,100.0,950.0,428.73,521.27,178292.55,8.33,75.0,8.33,1041.67
4,5,2022-06-01,178292.55,850.0,100.0,950.0,429.98,520.02,177862.57,8.33,75.0,8.33,1041.67
5,6,2022-07-01,177862.57,850.0,100.0,950.0,431.23,518.77,177431.33,8.33,75.0,8.33,1041.67
6,7,2022-08-01,177431.33,850.0,100.0,950.0,432.49,517.51,176998.84,8.33,75.0,8.33,1041.67
7,8,2022-09-01,176998.84,850.0,100.0,950.0,433.75,516.25,176565.09,8.33,75.0,8.33,1041.67
8,9,2022-10-01,176565.09,850.0,100.0,950.0,435.02,514.98,176130.07,8.33,75.0,8.33,1041.67
9,10,2022-11-01,176130.07,850.0,100.0,950.0,436.29,513.71,175693.78,8.33,75.0,8.33,1041.67
10,11,2022-12-01,175693.78,850.0,100.0,950.0,437.56,512.44,175256.22,8.33,75.0,8.33,1041.67
11,12,2023-01-01,175256.22,850.0,100.0,950.0,438.84,511.16,174817.39,8.33,75.0,8.33,1041.67
12,13,2023-02-01,174817.39,850.0,100.0,950.0,440.12,509.88,174377.27,8.33,75.0,8.33,1041.67
13,14,2023-03-01,174377.27,850.0,100.0,950.0,441.4,508.6,173935.87,8.33,75.0,8.33,1041.67
14,15,2023-04-01,173935.87,850.0,100.0,950.0,442.69,507.31,173493.18,8.33,75.0,8.33,1041.67
15,16,2023-05-01,173493.18,850.0,100.0,950.0,443.98,506.02,173049.21,8.33,75.0,8.33,1041.67
16,17,2023-06-01,173049.21,850.0,100.0,950.0,445.27,504.73,172603.93,8.33,75.0,8.33,1041.67
17,18,2023-07-01,172603.93,850.0,100.0,950.0,446.57,503.43,172157.36,8.33,75.0,8.33,1041.67
18,19,2023-08-01,172157.36,850.0,100.0,950.0,447.87,502.13,171709.49,8.33,75.0,8.33,1041.67
19,20,2023-09-01,171709.49,850.0,100.0,950.0,449.18,500.82,171260.31,8.33,75.0,8.33,1041.67
20,21,2023-10-01,171260.31,850.0,100.0,950.0,450.49,499.51,170809.82,8.33,75.0,8.33,1041.67
21,22,2023-11-01,170809.82,850.0,100.0,950.0,451.8,498.2,170358.01,8.33,75.0,8.33,1041.67
22,23,2023-12-01,170358.01,850.0,100.0,950.0,453.12,496.88,169904.89,8.33,75.0,8.33,1041.67
23,24,2024-01-01,169904.89,850.0,100.0,950.0,454.44,495.56,169450.44,8.33,75.0,8.33,1041.67
24,25,2024-02-01,169450.44,850.0,100.0,950.0,455.77,494.23,168994.67,8.33,75.0,8.33,1041.67
25,26,2024-03-01,168994.67,850.0,100.0,950.0,457.1,492.9,168537.58,8.33,75.0,8.33,1041.67
26,27,2024-04-01,168537.58,850.0,100.0,950.0,458.43,491.57,168079.14,8.33,75.0,8.33,1041.67
27,28,2024-05-01,168079.14,850.0,100.0,950.0,459.77,490.23,167619.37,8.33,75.0,8.33,1041.67
28,29,2024-06-01,167619.37,850.0,100.0,950.0,461.11,488.89,167158.26,8.33,75.0,8.33,1041.67
29,30,2024-07-01,167158.26,850.0,100.0,950.0,462.46,487.54,166695.81,8.33,75.0,8.33,1041.67
30,31,2024-08-01,166695.81,850.0,100.0,950.0,463.8,486.2,166232.01,8.33,75.0,8.33,1041.67
31,32,2024-09-01,166232.01,850.0,100.0,950.0,465.16,484.84,165766.85,8.33,75.0,8.33,1041.67
32,33,2024-10-01,165766.85,850.0,100.0,950.0,466.51,483.49,165300.34,8.33,75.0,8.33,1041.67
33,34,2024-11-01,165300.34,850.0,100.0,950.0,467.87,482.13,164832.46,8.33,75.0,8.33,1041.67
34,35,2024-12-01,164832.46,850.0,100.0,950.0,469.24,480.76,164363.22,8.33,75.0,8.33,1041.67
35,36,2025-01-01,164363.22,850.0,100.0,950.0,470.61,479.39,163892.62,8.33,75.0,8.33,1041.67
36,37,2025-02-01,163892.62,850.0,100.0,950.0,471.98,478.02,163420.64,8.33,75.0,8.33,1041.67
37,38,2025-03-01,163420.64,850.0,100.0,950.0,473.36,476.64,162947.28,8.33,75.0,8.33,1041.67
38,39,2025-04-01,162947.28,850.0,100.0,950.0,474.74,475.26,162472.54,8.33,75.0,8.33,1041.67
39,40,2025-05-01,162472.54,850.0,100.0,950.0,476.12,473.88,161996.42,8.33,75.0,8.33,1041.67
40,41,2025-06-01,161996.42,850.0,100.0,950.0,477.51,472.49,161518.91,8.33,75.0,8.33,1041.67
41,42,2025-07-01,161518.91,850.0,100.0,950.0,478.9,471.1,161040.01,8.33,75.0,8.33,1041.67
42,43,2025-08-01,161040.01,850.0,100.0,950.0,480.3,469.7,160559.71,8.33,75.0,8.33,1041.67
43,44,2025-09-01,160559.71,850.0,100.0,950.0,481.7,468.3,160078.01,8.33,75.0,8.33,1041.67
44,45,2025-10-01,160078.01,850.0,100.0,950.0,483.11,466.89,159594.9,8.33,0.0,8.33,966.67
45,46,2025-11-01,159594.9,850.0,100.0,950.0,484.51,465.49,159110.38,8.33,0.0,8.33,966.67
46,47,2025-12-01,159110.38,850.0,100.0,950.0,485.93,464.07,158624.46,8.33,0.0,8.33,966.67
47,48,2026-01-01,158624.46,850.0,100.0,950.0,487.35,462.65,158137.11,8.33,0.0,8.33,966.67
48,49,2026-02-01,158137.11,850.0,100.0,950.0,488.77,461.23,157648.34,8.33,0.0,8.33,966.67
49,50,2026-03-01,157648.34,850.0,100.0,950.0,490.19,459.81,157158.15,8.33,0.0,8.33,966.67
50,51,2026-04-01,157158.15,850.0,100.0,950.0,491.62,458.38,156666.53,8.33,0.0,8.33,966.67
51,52,2026-05-01,156666.53,850.0,100.0,950.0,493.06,456.94,156173.47,8.33,0.0,8.33,966.67
52,53,2026-06-01,156173.47,850.0,100.0,950.0,494.49,455.51,155678.98,8.33,0.0,8.33,966.67
53,54,2026-07-01,155678.98,850.0,100.0,950.0,495.94,454.06,155183.04,8.33,0.0,8.33,966.67
54,55,2026-08-01,155183.04,850.0,100.0,950.0,497.38,452.62,154685.66,8.33,0.0,8.33,966.67
55,56,2026-09-01,154685.66,850.0,100.0,950.0,498.83,451.17,154186.83,8.33,0.0,8.33,966.67
56,57,2026-10-01,154186.83,850.0,100.0,950.0,500.29,449.71,153686.54,8.33,0.0,8.33,966.67
57,58,2026-11-01,153686.54,850.0,100.0,950.0,501.75,448.25,153184.79,8.33,0.0,8.33,966.67
58,59,2026-12-01,153184.79,850.0,100.0,950.0,503.21,446.79,152681.58,8.33,0.0,8.33,966.67
59,60,2027-01-01,152681.58,850.0,100.0,950.0,504.68,445.32,152176.9,8.33,0.0,8.33,966.67
60,61,2027-02-01,152176.9,850.0,100.0,950.0,506.15,443.85,151670.75,8.33,0.0,8.33,966.67
61,62,2027-03-01,151670.75,850.0,100.0,950.0,507.63,442.37,151163.12,8.33,0.0,8.33,966.67
62,63,2027-04-01,151163.12,850.0,100.0,950.0,509.11,440.89,150654.02,8.33,0.0,8.33,966.67
63,64,2027-05-01,150654.02,850.0,100.0,950.0,510.59,439.41,150143.42,8.33,0.0,8.33,966.67
64,65,2027-06-01,150143.42,850.0,100.0,950.0,512.08,437.92,149631.34,8.33,0.0,8.33,966.67
65,66,2027-07-01,149631.34,850.0,100.0,950.0,513.58,436.42,149117.77,8.33,0.0,8.33,966.67
66,67,2027-08-01,149117.77,850.0,100.0,950.0,515.07,434.93,148602.69,8.33,0.0,8.33,966.67
67,68,2027-09-01,148602.69,850.0,100.0,950.0,516.58,433.42,148086.12,8.33,0.0,8.33,966.67
68,69,2027-10-01,148086.12,850.0,100.0,950.0,518.08,431.92,147568.04,8.33,0.0,8.33,966.67
69,70,2027-11-01,147568.04,850.0,100.0,950.0,519.59,430.41,147048.44,8.33,0.0,8.33,966.67
70,71,2027-12-01,147048.44,850.0,100.0,950.0,521.11,428.89,146527.33,8.33,0.0,8.33,966.67
71,72,2028-01-01,146527.33,850.0,100.0,950.0,522.63,427.37,146004.71,8.33,0.0,8.33,966.67
72,73,2028-02-01,146004.71,850.0,100.0,950.0,524.15,425.85,145480.55,8.33,0.0,8.33,966.67
73,74,2028-03-01,145480.55,850.0,100.0,950.0,525.68,424.32,144954.87,8.33,0.0,8.33,966.67
74,75,2028-04-01,144954.87,850.0,100.0,950.0,527.21,422.79,144427.66,8.33,0.0,8.33,966.67
75,76,2028-05-01,144427.66,850.0,100.0,950.0,528.75,421.25,143898.9,8.33,0.0,8.33,966.67
76,77,2028-06-01,143898.9,850.0,100.0,950.0,530.29,419.71,143368.61,8.33,0.0,8.33,966.67
77,78,2028-07-01,143368.61,850.0,100.0,950.0,531.84,418.16,142836.77,8.33,0.0,8.33,966.67
78,79,2028-08-01,142836.77,850.0,100.0,950.0,533.39,416.61,142303.37,8.33,0.0,8.33,966.67
79,80,2028-09-01,142303.37,850.0,100.0,950.0,534.95,415.05,141768.43,8.33,0.0,8.33,966.67
80,81,2028-10-01,141768.43,850.0,100.0,950.0,536.51,413.49,141231.92,8.33,0.0,8.33,966.67
81,82,2028-11-01,141231.92,850.0,100.0,950.0,538.07,411.93,140693.84,8.33,0.0,8.33,966.67
82,83,2028-12-01,140693.84,850.0,100.0,950.0,539.64,410.36,140154.2,8.33,0.0,8.33,966.67
83,84,2029-01-01,140154.2,850.0,100.0,950.0,541.22,408.78,139612.98,8.33,0.0,8.33,966.67
84,85,2029-02-01,139612.98,850.0,100.0,950.0,542.8,407.2,139070.19,8.33,0.0,8.33,966.67
85,86,2029-03-01,139070.19,850.0,100.0,950.0,544.38,405.62,138525.81,8.33,0.0,8.33,966.67
86,87,2029-04-01,138525.81,850.0,100.0,950.0,545.97,404.03,137979.84,8.33,0.0,8.33,966.67
87,88,2029-05-01,137979.84,850.0,100.0,950.0,547.56,402.44,137432.28,8.33,0.0,8.33,966.67
88,89,2029-06-01,137432.28,850.0,100.0,950.0,549.16,400.84,136883.13,8.33,0.0,8.33,966.67
89,90,2029-07-01,136883.13,850.0,100.0,950.0,550.76,399.24,136332.37,8.33,0.0,8.33,966.67
90,91,2029-08-01,136332.37,850.0,100.0,950.0,552.36,397.64,135780.01,8.33,0.0,8.33,966.67
91,92,2029-09-01,135780.01,850.0,100.0,950.0,553.97,396.03,135226.03,8.33,0.0,8.33,966.67
92,93,2029-10-01,135226.03,850.0,100.0,950.0,555.59,394.41,134670.44,8.33,0.0,8.33,966.67
93,94,2029-11-01,134670.44,850.0,100.0,950.0,557.21,392.79,134113.23,8.33,0.0,8.33,966.67
94,95,2029-12-01,134113.23,850.0,100.0,950.0,558.84,391.16,133554.39,8.33,0.0,8.33,966.67
95,96,2030-01-01,133554.39,850.0,100.0,950.0,560.47,389.53,132993.93,8.33,0.0,8.33,966.67
96,97,2030-02-01,132993.93,850.0,100.0,950.0,562.1,387.9,132431.83,8.33,0.0,8.33,966.67
97,98,2030-03-01,132431.83,850.0,100.0,950.0,563.74,386.26,131868.09,8.33,0.0,8.33,966.67
98,99,2030-04-01,131868.09,850.0,100.0,950.0,565.38,384.62,131302.7,8.33,0.0,8.33,966.67
99,100,2030-05-01,131302.7,850.0,100.0,950.0,567.03,382.97,130735.67,8.33,0.0,8.33,966.67
100,101,2030-06-01,130735.67,850.0,100.0,950.0,568.69,381.31,130166.98,8.33,0.0,8.33,966.67
101,102,2030-07-01,130166.98,850.0,100.0,950.0,570.35,379.65,129596.63,8.33,0.0,8.33,966.67
102,103,2030-08-01,129596.63,850.0,100.0,950.0,572.01,377.99,129024.62,8.33,0.0,8.33,966.67
103,104,2030-09-01,129024.62,850.0,100.0,950.0,573.68,376.32,128450.95,8.33,0.0,8.33,966.67
104,105,2030-10-01,128450.95,850.0,100.0,950.0,575.35,374.65,127875.59,8.33,0.0,8.33,966.67
105,106,2030-11-01,127875.59,850.0,100.0,950.0,577.03,372.97,127298.56,8.33,0.0,8.33,966.67
106,107,2030-12-01,127298.56,850.0,100.0,950.0,578.71,371.29,126719.85,8.33,0.0,8.33,966.67
107,108,2031-01-01,126719.85,850.0,100.0,950.0,580.4,369.6,126139.45,8.33,0.0,8.33,966.67
108,109,2031-02-01,126139.45,850.0,100.0,950.0,582.09,367.91,125557.36,8.33,0.0,8.33,966.67
109,110,2031-03-01,125557.36,850.0,100.0,950.0,583.79,366.21,124973.57,8.33,0.0,8.33,966.67
110,111,2031-04-01,124973.57,850.0,100.0,950.0,585.49,364.51,124388.07,8.33,0.0,8.33,966.67
111,112,2031-05-01,124388.07,850.0,100.0,950.0,587.2,362.8,123800.87,8.33,0.0,8.33,966.67
112,113,2031-06-01,123800.87,850.0,100.0,950.0,588.91,361.09,123211.96,8.33,0.0,8.33,966.67
113,114,2031-07-01,123211.96,850.0,100.0,950.0,590.63,359.37,122621.33,8.33,0.0,8.33,966.67
114,115,2031-08-01,122621.33,850.0,100.0,950.0,592.35,357.65,122028.97,8.33,0.0,8.33,966.67
115,116,2031-09-01,122028.97,850.0,100.0,950.0,594.08,355.92,121434.89,8.33,0.0,8.33,966.67
116,117,2031-10-01,121434.89,850.0,100.0,950.0,595.81,354.19,120839.07,8.33,0.0,8.33,966.67
117,118,2031-11-01,120839.07,850.0,100.0,950.0,597.55,352.45,120241.52,8.33,0.0,8.33,966.67
118,119,2031-12-01,120241.52,850.0,100.0,950.0,599.3,350.7,119642.23,8.33,0.0,8.33,966.67
119,120,2032-01-01,119642.23,850.0,100.0,950.0,601.04,348.96,119041.18,8.33,0.0,8.33,966.67
120,121,2032-02-01,119041.18,850.0,100.0,950.0,602.8,347.2,118438.39,8.33,0.0,8.33,966.67
121,122,2032-03-01,118438.39,850.0,100.0,950.0,604.55,345.45,117833.83,8.33,0.0,8.33,966.67
122,123,2032-04-01,117833.83,850.0,100.0,950.0,606.32,343.68,117227.51,8.33,0.0,8.33,966.67
123,124,2032-05-01,117227.51,850.0,100.0,950.0,608.09,341.91,116619.43,8.33,0.0,8.33,966.67
124,125,2032-06-01,116619.43,850.0,100.0,950.0,609.86,340.14,116009.57,8.33,0.0,8.33,966.67
125,126,2032-07-01,116009.57,850.0,100.0,950.0,611.64,338.36,115397.93,8.33,0.0,8.33,966.67
126,127,2032-08-01,115397.93,850.0,100.0,950.0,613.42,336.58,114784.51,8.33,0.0,8.33,966.67
127,128,2032-09-01,114784.51,850.0,100.0,950.0,615.21,334.79,114169.29,8.33,0.0,8.33,966.67
128,129,2032-10-01,114169.29,850.0,100.0,950.0,617.01,332.99,113552.29,8.33,0.0,8.33,966.67
129,130,2032-11-01,113552.29,850.0,100.0,950.0,618.81,331.19,112933.48,8.33,0.0,8.33,966.67
130,131,2032-12-01,112933.48,850.0,100.0,950.0,620.61,329.39,112312.87,8.33,0.0,8.33,966.67
131,132,2033-01-01,112312.87,850.0,100.0,950.0,622.42,327.58,111690.45,8.33,0.0,8.33,966.67
132,133,2033-02-01,111690.45,850.0,100.0,950.0,624.24,325.76,111066.21,8.33,0.0,8.33,966.67
133,134,2033-03-01,111066.21,850.0,100.0,950.0,626.06,323.94,110440.16,8.33,0.0,8.33,966.67
134,135,2033-04-01,110440.16,850.0,100.0,950.0,627.88,322.12,109812.27,8.33,0.0,8.33,966.67
135,136,2033-05-01,109812.27,850.0,100.0,950.0,629.71,320.29,109182.56,8.33,0.0,8.33,966.67
136,137,2033-06-01,109182.56,850.0,100.0,950.0,631.55,318.45,108551.01,8.33,0.0,8.33,966.67
137,138,2033-07-01,108551.01,850.0,100.0,950.0,633.39,316.61,107917.62,8.33,0.0,8.33,966.67
138,139,2033-08-01,107917.62,850.0,100.0,950.0,635.24,314.76,107282.38,8.33,0.0,8.33,966.67
139,140,2033-09-01,107282.38,850.0,100.0,950.0,637.09,312.91,106645.28,8.33,0.0,8.33,966.67
140,141,2033-10-01,106645.28,850.0,100.0,950.0,638.95,311.05,106006.33,8.33,0.0,8.33,966.67
141,142,2033-11-01,106006.33,850.0,100.0,950.0,640.81,309.19,105365.52,8.33,0.0,8.33,966.67
142,143,2033-12-01,105365.52,850.0,100.0,950.0,642.68,307.32,104722.83,8.33,0.0,8.33,966.67
143,144,2034-01-01,104722.83,850.0,100.0,950.0,644.56,305.44,104078.27,8.33,0.0,8.33,966.67
144,145,2034-02-01,104078.27,850.0,100.0,950.0,646.44,303.56,103431.84,8.33,0.0,8.33,966.67
145,146,2034-03-01,103431.84,850.0,100.0,950.0,648.32,301.68,102783.51,8.33,0.0,8.33,966.67
146,147,2034-04-01,102783.51,850.0,100.0,950.0,650.21,299.79,102133.3,8.33,0.0,8.33,966.67
147,148,2034-05-01,102133.3,850.0,100.0,950.0,652.11,297.89,101481.19,8.33,0.0,8.33,966.67
148,149,2034-06-01,101481.19,850.0,100.0,950.0,654.01,295.99,100827.17,8.33,0.0,8.33,966.67
149,150,2034-07-01,100827.17,850.0,100.0,950.0,655.92,294.08,100171.25,8.33,0.0,8.33,966.67
150,151,2034-08-01,100171.25,850.0,100.0,950.0,657.83,292.17,99513.42,8.33,0.0,8.33,966.67
151,152,2034-09-01,99513.42,850.0,100.0,950.0,659.75,290.25,98853.67,8.33,0.0,8.33,966.67
152,153,2034-10-01,98853.67,850.0,100.0,950.0,661.68,288.32,98191.99,8.33,0.0,8.33,966.67
153,154,2034-11-01,98191.99,850.0,100.0,950.0,663.61,286.39,97528.38,8.33,0.0,8.33,966.67
154,155,2034-12-01,97528.38,850.0,100.0,950.0,665.54,284.46,96862.84,8.33,0.0,8.33,966.67
155,156,2035-01-01,96862.84,850.0,100.0,950.0,667.48,282.52,96195.36,8.33,0.0,8.33,966.67
156,157,2035-02-01,96195.36,850.0,100.0,950.0,669.43,280.57,95525.93,8.33,0.0,8.33,966.67
157,158,2035-03-01,95525.93,850.0,100.0,950.0,671.38,278.62,94854.54,8.33,0.0,8.33,966.67
158,159,2035-04-01,94854.54,850.0,100.0,950.0,673.34,276.66,94181.2,8.33,0.0,8.33,966.67
159,160,2035-05-01,94181.2,850.0,100.0,950.0,675.3,274.7,93505.9,8.33,0.0,8.33,966.67
160,161,2035-06-01,93505.9,850.0,100.0,950.0,677.27,272.73,92828.62,8.33,0.0,8.33,966.67
161,162,2035-07-01,92828.62,850.0,100.0,950.0,679.25,270.75,92149.37,8.33,0.0,8.33,966.67
162,163,2035-08-01,92149.37,850.0,100.0,950.0,681.23,268.77,91468.14,8.33,0.0,8.33,966.67
163,164,2035-09-01,91468.14,850.0,100.0,950.0,683.22,266.78,90784.93,8.33,0.0,8.33,966.67
164,165,2035-10-01,90784.93,850.0,100.0,950.0,685.21,264.79,90099.71,8.33,0.0,8.33,966.67
165,166,2035-11-01,90099.71,850.0,100.0,950.0,687.21,262.79,89412.51,8.33,0.0,8.33,966.67
166,167,2035-12-01,89412.51,850.0,100.0,950.0,689.21,260.79,88723.29,8.33,0.0,8.33,966.67
167,168,2036-01-01,88723.29,850.0,100.0,950.0,691.22,258.78,88032.07,8.33,0.0,8.33,966.67
168,169,2036-02-01,88032.07,850.0,100.0,950.0,693.24,256.76,87338.83,8.33,0.0,8.33,966.67
169,170,2036-03-01,87338.83,850.0,100.0,950.0,695.26,254.74,86643.57,8.33,0.0,8.33,966.67
170,171,2036-04-01,86643.57,850.0,100.0,950.0,697.29,252.71,85946.28,8.33,0.0,8.33,966.67
171,172,2036-05-01,85946.28,850.0,100.0,950.0,699.32,250.68,85246.95,8.33,0.0,8.33,966.67
172,173,2036-06-01,85246.95,850.0,100.0,950.0,701.36,248.64,84545.59,8.33,0.0,8.33,966.67
173,174,2036-07-01,84545.59,850.0,100.0,950.0,703.41,246.59,83842.18,8.33,0.0,8.33,966.67
174,175,2036-08-01,83842.18,850.0,100.0,950.0,705.46,244.54,83136.72,8.33,0.0,8.33,966.67
175,176,2036-09-01,83136.72,850.0,100.0,950.0,707.52,242.48,82429.2,8.33,0.0,8.33,966.67
176,177,2036-10-01,82429.2,850.0,100.0,950.0,709.58,240.42,81719.62,8.33,0.0,8.33,966.67
177,178,2036-11-01,81719.62,850.0,100.0,950.0,711.65,238.35,81007.97,8.33,0.0,8.33,966.67
178,179,2036-12-01,81007.97,850.0,100.0,950.0,713.73,236.27,80294.24,8.33,0.0,8.33,966.67
179,180,2037-01-01,80294.24,850.0,100.0,950.0,715.81,234.19,79578.44,8.33,0.0,8.33,966.67
180,181,2037-02-01,79578.44,850.0,100.0,950.0,717.9,232.1,78860.54,8.33,0.0,8.33,966.67
181,182,2037-03-01,78860.54,850.0,100.0,950.0,719.99,230.01,78140.55,8.33,0.0,8.33,966.67
182,183,2037-04-01,78140.55,850.0,100.0,950.0,722.09,227.91,77418.46,8.33,0.0,8.33,966.67
183,184,2037-05-01,77418.46,850.0,100.0,950.0,724.2,225.8,76694.26,8.33,0.0,8.33,966.67
184,185,2037-06-01,76694.26,850.0,100.0,950.0,726.31,223.69,75967.96,8.33,0.0,8.33,966.67
185,186,2037-07-01,75967.96,850.0,100.0,950.0,728.43,221.57,75239.53,8.33,0.0,8.33,966.67
186,187,2037-08-01,75239.53,850.0,100.0,950.0,730.55,219.45,74508.98,8.33,0.0,8.33,966.67
187,188,2037-09-01,74508.98,850.0,100.0,950.0,732.68,217.32,73776.29,8.33,0.0,8.33,966.67
188,189,2037-10-01,73776.29,850.0,100.0,950.0,734.82,215.18,73041.48,8.33,0.0,8.33,966.67
189,190,2037-11-01,73041.48,850.0,100.0,950.0,736.96,213.04,72304.51,8.33,0.0,8.33,966.67
190,191,2037-12-01,72304.51,850.0,100.0,950.0,739.11,210.89,71565.4,8.33,0.0,8.33,966.67
191,192,2038-01-01,71565.4,850.0,100.0,950.0,741.27,208.73,70824.13,8.33,0.0,8.33,966.67
192,193,2038-02-01,70824.13,850.0,100.0,950.0,743.43,206.57,70080.7,8.33,0.0,8.33,966.67
193,194,2038-03-01,70080.7,850.0,100.0,950.0,745.6,204.4,69335.11,8.33,0.0,8.33,966.67
194,195,2038-04-01,69335.11,850.0,100.0,950.0,747.77,202.23,68587.33,8.33,0.0,8.33,966.67
195,196,2038-05-01,68587.33,850.0,100.0,950.0,749.95,200.05,67837.38,8.33,0.0,8.33,966.67
196,197,2038-06-01,67837.38,850.0,100.0,950.0,752.14,197.86,67085.24,8.33,0.0,8.33,966.67
197,198,2038-07-01,67085.24,850.0,100.0,950.0,754.33,195.67,66330.9,8.33,0.0,8.33,966.67
198,199,2038-08-01,66330.9,850.0,100.0,950.0,756.53,193.47,65574.37,8.33,0.0,8.33,966.67
199,200,2038-09-01,65574.37,850.0,100.0,950.0,758.74,191.26,64815.63,8.33,0.0,8.33,966.67
200,201,2038-10-01,64815.63,850.0,100.0,950.0,760.95,189.05,64054.67,8.33,0.0,8.33,966.67
201,202,2038-11-01,64054.67,850.0,100.0,950.0,763.17,186.83,63291.5,8.33,0.0,8.33,966.67
202,203,2038-12-01,63291.5,850.0,100.0,950.0,765.4,184.6,62526.1,8.33,0.0,8.33,966.67
203,204,2039-01-01,62526.1,850.0,100.0,950.0,767.63,182.37,61758.47,8.33,0.0,8.33,966.67
204,205,2039-02-01,61758.47,850.0,100.0,950.0,769.87,180.13,60988.6,8.33,0.0,8.33,966.67
205,206,2039-03-01,60988.6,850.0,100.0,950.0,772.12,177.88,60216.48,8.33,0.0,8.33,966.67
206,207,2039-04-01,60216.48,850.0,100.0,950.0,774.37,175.63,59442.11,8.33,0.0,8.33,966.67
207,208,2039-05-01,59442.11,850.0,100.0,950.0,776.63,173.37,58665.48,8.33,0.0,8.33,966.67
208,209,2039-06-01,58665.48,850.0,100.0,950.0,778.89,171.11,57886.59,8.33,0.0,8.33,966.67
209,210,2039-07-01,57886.59,850.0,100.0,950.0,781.16,168.84,57105.43,8.33,0.0,8.33,966.67
210,211,2039-08-01,57105.43,850.0,100.0,950.0,783.44,166.56,56321.99,8.33,0.0,8.33,966.67
211,212,2039-09-01,56321.99,850.0,100.0,950.0,785.73,164.27,55536.26,8.33,0.0,8.33,966.67
212,213,2039-10-01,55536.26,850.0,100.0,950.0,788.02,161.98,54748.24,8.33,0.0,8.33,966.67
213,214,2039-11-01,54748.24,850.0,100.0,950.0,790.32,159.68,53957.92,8.33,0.0,8.33,966.67
214,215,2039-12-01,53957.92,850.0,100.0,950.0,792.62,157.38,53165.3,8.33,0.0,8.33,966.67
215,216,2040-01-01,53165.3,850.0,100.0,950.0,794.93,155.07,52370.36,8.33,0.0,8.33,966.67
216,217,2040-02-01,52370.36,850.0,100.0,950.0,797.25,152.75,51573.11,8.33,0.0,8.33,966.67
217,218,2040-03-01,51573.11,850.0,100.0,950.0,799.58,150.42,50773.53,8.33,0.0,8.33,966.67
218,219,2040-04-01,50773.53,850.0,100.0,950.0,801.91,148.09,49971.62,8.33,0.0,8.33,966.67
219,220,2040-05-01,49971.62,850.0,100.0,950.0,804.25,145.75,49167.37,8.33,0.0,8.33,966.67
220,221,2040-06-01,49167.37,850.0,100.0,950.0,806.6,143.4,48360.78,8.33,0.0,8.33,966.67
221,222,2040-07-01,48360.78,850.0,100.0,950.0,808.95,141.05,47551.83,8.33,0.0,8.33,966.67
222,223,2040-08-01,47551.83,850.0,100.0,950.0,811.31,138.69,46740.52,8.33,0.0,8.33,966.67
223,224,2040-09-01,46740.52,850.0,100.0,950.0,813.67,136.33,45926.85,8.33,0.0,8.33,966.67
224,225,2040-10-01,45926.85,850.0,100.0,950.0,816.05,133.95,45110.8,8.33,0.0,8.33,966.67
225,226,2040-11-01,45110.8,850.0,100.0,950.0,818.43,131.57,44292.38,8.33,0.0,8.33,966.67
226,227,2040-12-01,44292.38,850.0,100.0,950.0,820.81,129.19,43471.56,8.33,0.0,8.33,966.67
227,228,2041-01-01,43471.56,850.0,100.0,950.0,823.21,126.79,42648.35,8.33,0.0,8.33,966.67
228,229,2041-02-01,42648.35,850.0,100.0,950.0,825.61,124.39,41822.74,8.33,0.0,8.33,966.67
229,230,2041-03-01,41822.74,850.0,100.0,950.0,828.02,121.98,40994.73,8.33,0.0,8.33,966.67
230,231,2041-04-01,40994.73,850.0,100.0,950.0,830.43,119.57,40164.3,8.33,0.0,8.33,966.67
231,232,2041-05-01,40164.3,850.0,100.0,950.0,832.85,117.15,39331.44,8.33,0.0,8.33,966.67
232,233,2041-06-01,39331.44,850.0,100.0,950.0,835.28,114.72,38496.16,8.33,0.0,8.33,966.67
233,234,2041-07-01,38496.16,850.0,100.0,950.0,837.72,112.28,37658.44,8.33,0.0,8.33,966.67
234,235,2041-08-01,37658.44,850.0,100.0,950.0,840.16,109.84,36818.28,8.33,0.0,8.33,966.67
235,236,2041-09-01,36818.28,850.0,100.0,950.0,842.61,107.39,35975.66,8.33,0.0,8.33,966.67
236,237,2041-10-01,35975.66,850.0,100.0,950.0,845.07,104.93,35130.59,8.33,0.0,8.33,966.67
237,238,2041-11-01,35130.59,850.0,100.0,950.0,847.54,102.46,34283.06,8.33,0.0,8.33,966.67
238,239,2041-12-01,34283.06,850.0,100.0,950.0,850.01,99.99,33433.05,8.33,0.0,8.33,966.67
239,240,2042-01-01,33433.05,850.0,100.0,950.0,852.49,97.51,32580.56,8.33,0.0,8.33,966.67
240,241,2042-02-01,32580.56,850.0,100.0,950.0,854.97,95.03,31725.59,8.33,0.0,8.33,966.67
241,242,2042-03-01,31725.59,850.0,100.0,950.0,857.47,92.53,30868.12,8.33,0.0,8.33,966.67
242,243,2042-04-01,30868.12,850.0,100.0,950.0,859.97,90.03,30008.15,8.33,0.0,8.33,966.67
243,244,2042-05-01,30008.15,850.0,100.0,950.0,862.48,87.52,29145.68,8.33,0.0,8.33,966.67
244,245,2042-06-01,29145.68,850.0,100.0,950.0,864.99,85.01,28280.68,8.33,0.0,8.33,966.67
245,246,2042-07-01,28280.68,850.0,100.0,950.0,867.51,82.49,27413.17,8.33,0.0,8.33,966.67
246,247,2042-08-01,27413.17,850.0,100.0,950.0,870.04,79.96,26543.12,8.33,0.0,8.33,966.67
247,248,2042-09-01,26543.12,850.0,100.0,950.0,872.58,77.42,25670.54,8.33,0.0,8.33,966.67
248,249,2042-10-01,25670.54,850.0,100.0,950.0,875.13,74.87,24795.41,8.33,0.0,8.33,966.67
249,250,2042-11-01,24795.41,850.0,100.0,950.0,877.68,72.32,23917.73,8.33,0.0,8.33,966.67
250,251,2042-12-01,23917.73,850.0,100.0,950.0,880.24,69.76,23037.49,8.33,0.0,8.33,966.67
251,252,2043-01-01,23037.49,850.0,100.0,950.0,882.81,67.19,22154.69,8.33,0.0,8.33,966.67
252,253,2043-02-01,22154.69,850.0,100.0,950.0,885.38,64.62,21269.31,8.33,0.0,8.33,966.67
253,254,2043-03-01,21269.31,850.0,100.0,950.0,887.96,62.04,20381.34,8.33,0.0,8.33,966.67
254,255,2043-04-01,20381.34,850.0,100.0,950.0,890.55,59.45,19490.79,8.33,0.0,8.33,966.67
255,256,2043-05-01,19490.79,850.0,100.0,950.0,893.15,56.85,18597.63,8.33,0.0,8.33,966.67
256,257,2043-06-01,18597.63,850.0,100.0,950.0,895.76,54.24,17701.88,8.33,0.0,8.33,966.67
257,258,2043-07-01,17701.88,850.0,100.0,950.0,898.37,51.63,16803.51,8.33,0.0,8.33,966.67
258,259,2043-08-01,16803.51,850.0,100.0,950.0,900.99,49.01,15902.52,8.33,0.0,8.33,966.67
259,260,2043-09-01,15902.52,850.0,100.0,950.0,903.62,46.38,14998.9,8.33,0.0,8.33,966.67
260,261,2043-10-01,14998.9,850.0,100.0,950.0,906.25,43.75,14092.65,8.33,0.0,8.33,966.67
261,262,2043-11-01,14092.65,850.0,100.0,950.0,908.9,41.1,13183.75,8.33,0.0,8.33,966.67
262,263,2043-12-01,13183.75,850.0,100.0,950.0,911.55,38.45,12272.2,8.33,0.0,8.33,966.67
263,264,2044-01-01,12272.2,850.0,100.0,950.0,914.21,35.79,11358.0,8.33,0.0,8.33,966.67
264,265,2044-02-01,11358.0,850.0,100.0,950.0,916.87,33.13,10441.12,8.33,0.0,8.33,966.67
265,266,2044-03-01,10441.12,850.0,100.0,950.0,919.55,30.45,9521.58,8.33,0.0,8.33,966.67
266,267,2044-04-01,9521.58,850.0,100.0,950.0,922.23,27.77,8599.35,8.33,0.0,8.33,966.67
267,268,2044-05-01,8599.35,850.0,100.0,950.0,924.92,25.08,7674.43,8.33,0.0,8.33,966.67
268,269,2044-06-01,7674.43,850.0,100.0,950.0,927.62,22.38,6746.81,8.33,0.0,8.33,966.67
269,270,2044-07-01,6746.81,850.0,100.0,950.0,930.32,19.68,5816.49,8.33,0.0,8.33,966.67
270,271,2044-08-01,5816.49,850.0,100.0,950.0,933.04,16.96,4883.46,8.33,0.0,8.33,966.67
271,272,2044-09-01,4883.46,850.0,100.0,950.0,935.76,14.24,3947.7,8.33,0.0,8.33,966.67
272,273,2044-10-01,3947.7,850.0,100.0,950.0,938.49,11.51,3009.22,8.33,0.0,8.33,966.67
273,274,2044-11-01,3009.22,850.0,100.0,950.0,941.22,8.78,2067.99,8.33,0.0,8.33,966.67
274,275,2044-12-01,2067.99,850.0,100.0,950.0,943.97,6.03,1124.02,8.33,0.0,8.33,966.67
275,276,2045-01-01,1124.02,850.0,100.0,950.0,946.72,3.28,177.3,8.33,0.0,8.33,966.67
